%YAML 1.1
%TAG !u! tag:unity3d.com,2011:
--- !u!114 &11400000
MonoBehaviour:
  m_ObjectHideFlags: 0
  m_PrefabParentObject: {fileID: 0}
  m_PrefabInternal: {fileID: 0}
  m_GameObject: {fileID: 0}
  m_Enabled: 1
  m_EditorHideFlags: 0
  m_Script: {fileID: 11500000, guid: d32cf7c32a3ed8347bac48ef5ed56d82, type: 3}
  m_Name: FMODStudioCache
  m_EditorClassIdentifier: 
  EditorBanks:
  - {fileID: 114310117114906206}
  - {fileID: 114411434269046746}
  EditorEvents:
  - {fileID: 114062879711524104}
  - {fileID: 114194184800044582}
  - {fileID: 114790763424404734}
  MasterBankRef: {fileID: 114411434269046746}
  StringsBankRef: {fileID: 114310117114906206}
  stringsBankWriteTime: 636467348915988558
  cacheVersion: 2
--- !u!114 &114062879711524104
MonoBehaviour:
  m_ObjectHideFlags: 0
  m_PrefabParentObject: {fileID: 0}
  m_PrefabInternal: {fileID: 0}
  m_GameObject: {fileID: 0}
  m_Enabled: 1
  m_EditorHideFlags: 0
  m_Script: {fileID: 11500000, guid: ceb653cd98e289a4e8697a1af55201f2, type: 3}
  m_Name: 
  m_EditorClassIdentifier: 
  Path: event:/WhelenYelpSiren
  guid: eab6c7287689c248ba44c399ae2a0b17
  Banks:
  - {fileID: 114411434269046746}
  IsStream: 1
  Is3D: 1
  IsOneShot: 0
  Parameters: []
  MinDistance: 1
  MaxDistance: 50
  Length: 58984
--- !u!114 &114194184800044582
MonoBehaviour:
  m_ObjectHideFlags: 0
  m_PrefabParentObject: {fileID: 0}
  m_PrefabInternal: {fileID: 0}
  m_GameObject: {fileID: 0}
  m_Enabled: 1
  m_EditorHideFlags: 0
  m_Script: {fileID: 11500000, guid: ceb653cd98e289a4e8697a1af55201f2, type: 3}
  m_Name: 
  m_EditorClassIdentifier: 
  Path: event:/Bugbear
  guid: 8a6cf1a7f771624dbcd0db2c8ee8d937
  Banks:
  - {fileID: 114411434269046746}
  IsStream: 1
  Is3D: 1
  IsOneShot: 1
  Parameters: []
  MinDistance: 1
  MaxDistance: 20
  Length: 11498
--- !u!114 &114310117114906206
MonoBehaviour:
  m_ObjectHideFlags: 0
  m_PrefabParentObject: {fileID: 0}
  m_PrefabInternal: {fileID: 0}
  m_GameObject: {fileID: 0}
  m_Enabled: 1
  m_EditorHideFlags: 0
  m_Script: {fileID: 11500000, guid: c18180ecb35941f4682ae60107b85b7c, type: 3}
  m_Name: 
  m_EditorClassIdentifier: 
  Path: FmodStudioProject\Build\Desktop\Master Bank.strings.bank
  lastModified: 636467348915988558
  LoadResult: 0
  FileSizes:
  - Name: Desktop
    Value: 812
  Exists: 1
--- !u!114 &114411434269046746
MonoBehaviour:
  m_ObjectHideFlags: 0
  m_PrefabParentObject: {fileID: 0}
  m_PrefabInternal: {fileID: 0}
  m_GameObject: {fileID: 0}
  m_Enabled: 1
  m_EditorHideFlags: 0
  m_Script: {fileID: 11500000, guid: c18180ecb35941f4682ae60107b85b7c, type: 3}
  m_Name: 
  m_EditorClassIdentifier: 
  Path: C:\Users\Patryk\Studia\Repozytoria\!Semestr II\PWKR\PDWGK_Zadanie3\FmodStudioProject\Build\Desktop\Master
    Bank.bank
  lastModified: 636467348915953433
  LoadResult: 0
  FileSizes:
  - Name: Desktop
    Value: 3565248
  Exists: 1
--- !u!114 &114790763424404734
MonoBehaviour:
  m_ObjectHideFlags: 0
  m_PrefabParentObject: {fileID: 0}
  m_PrefabInternal: {fileID: 0}
  m_GameObject: {fileID: 0}
  m_Enabled: 1
  m_EditorHideFlags: 0
  m_Script: {fileID: 11500000, guid: ceb653cd98e289a4e8697a1af55201f2, type: 3}
  m_Name: 
  m_EditorClassIdentifier: 
  Path: event:/Music
  guid: 2b5c2d02f0215d4f867769fb12094fac
  Banks:
  - {fileID: 114411434269046746}
  IsStream: 1
  Is3D: 0
  IsOneShot: 0
  Parameters: []
  MinDistance: 0
  MaxDistance: 0
  Length: 208584
